@report{CP10KeyMessages2022,
   author = {{End Violence Against Children and End Corporal Punishment}},
   title = {Corporal Punishment â€“ 10 key messages},
   year = {2022},
     url = {https://www.end-violence.org/},
}
