@article{raincloud,
author = {Allen, M and Poggiali, D and Whitaker, K and Marshall, T R and van Langen, J and Kievit, R A},
doi = {10.12688/wellcomeopenres.15191.2},
journal = {Wellcome Open Research},
number = {63},
title = {{Raincloud plots: a multi-platform tool for robust data visualization [version 2; peer review: 2 approved]}},
volume = {4},
year = {2021}
}
